@incollection{Martin-Lof-1979,
	Author = {Martin-L{\"o}f, Per},
	Booktitle = {Logic, Methodology and Philosophy of Science VI, Proceedings of the Sixth International Congress of Logic, Methodology and Philosophy of Science, Hannover 1979},
        Editor = {L. Jonathan Cohen and Jerzy {\L o\'s} and Helmut Pfeiffer and Klaus-Peter Podewski},
	Doi = {10.1016/S0049-237X(09)70189-2},
	Mrclass = {03F50 (03B70 03F55 68Q45)},
	Mrnumber = {682410 (85d:03112)},
	Mrreviewer = {B. H. Mayoh},
	Pages = {153--175},
	Publisher = {North-Holland},
	Series = {Studies in Logic and the Foundations of Mathematics},
	Title = {Constructive mathematics and computer programming},
	Url = {http://dx.doi.org/10.1016/S0049-237X(09)70189-2},
	Volume = 104,
	Year = 1982}

@book{PFPL,
 author = {Harper, Robert},
 title = {Practical Foundations for Programming Languages},
 year = {2012},
 isbn = {1107029570, 9781107029576},
 publisher = {Cambridge University Press},
 address = {New York, NY, USA},
}

@book{Dummett:Elements,
  added-at = {2009-03-20T11:10:57.000+0100},
  address = {New York},
  author = {Dummett, Michael},
  biburl = {http://www.bibsonomy.org/bibtex/29965e1c1aa0bc014f36d57e44e84a673/bo198214},
  edition = {Second},
  interhash = {63db5cec0efc0139880c7af87052d575},
  intrahash = {9965e1c1aa0bc014f36d57e44e84a673},
  isbn = {0-19-850524-8},
  keywords = {imported},
  mrclass = {03F55 (03-02 03B20)},
  mrnumber = {MR1815706 (2002a:03122)},
  mrreviewer = {Wim Ruitenburg},
  pages = {xii+331},
  publisher = {The Clarendon Press Oxford University Press},
  series = {Oxford Logic Guides},
  timestamp = {2009-03-20T11:10:58.000+0100},
  title = {Elements of intuitionism},
  volume = 39,
  year = 2000
}

@book{TroelstraA:conm,
  author="Troelstra, A.S. and van Dalen, D.",
  title="Constructivism in Mathematics",
  publisher={North-Holland},
  year=1988,
  note="2 volumes"
}

@book{NordstromB:promlt,
  author = "B. Nordstr{\"o}m and K. Petersson and J.M. Smith",
  title = "Programming in Martin L{\"o}f's Type Theory",
  publisher = "Oxford University Press",
  volume =  7,
  series = "Monographs on Computer Science",
  year = 1990
}

@incollection{series/leus/Dybjer12a,
  added-at = {2013-01-09T00:00:00.000+0100},
  author = {Dybjer, Peter},
  biburl = {http://www.bibsonomy.org/bibtex/29f58df148d7e4cd76ff17b2d1e022b68/dblp},
  booktitle = {Epistemology versus Ontology},
  editor = {Dybjer, Peter and Lindström, Sten and Palmgren, Erik and Sundholm, Göran},
  ee = {http://dx.doi.org/10.1007/978-94-007-4435-6_11},
  interhash = {1f9271b1190a16b444a119667814a785},
  intrahash = {9f58df148d7e4cd76ff17b2d1e022b68},
  isbn = {978-94-007-4435-6},
  keywords = {dblp},
  pages = {215-241},
  publisher = {Springer},
  series = {Logic, Epistemology, and the Unity of Science},
  timestamp = {2013-01-10T11:39:47.000+0100},
  title = {Program Testing and the Meaning Explanations of Intuitionistic Type Theory.},
  url = {http://dblp.uni-trier.de/db/series/leus/leus27.html#Dybjer12a},
  volume = 27,
  year = 2012
}
@incollection{series/leus/Prawitz12,
  added-at = {2013-01-09T00:00:00.000+0100},
  author = {Prawitz, Dag},
  biburl = {http://www.bibsonomy.org/bibtex/2ae143357cae66b26c4630bbcf16b4672/dblp},
  booktitle = {Epistemology versus Ontology},
  editor = {Dybjer, Peter and Lindström, Sten and Palmgren, Erik and Sundholm, Göran},
  ee = {http://dx.doi.org/10.1007/978-94-007-4435-6_3},
  interhash = {db66878c8a975bb2ce7b3cfd77eeb576},
  intrahash = {ae143357cae66b26c4630bbcf16b4672},
  isbn = {978-94-007-4435-6},
  keywords = {dblp},
  pages = {45-67},
  publisher = {Springer},
  series = {Logic, Epistemology, and the Unity of Science},
  timestamp = {2013-01-10T11:39:48.000+0100},
  title = {Truth and Proof in Intuitionism.},
  url = {http://dblp.uni-trier.de/db/series/leus/leus27.html#Prawitz12},
  volume = 27,
  year = 2012
}

@book{mlitt,
  added-at = {2010-08-25T08:47:38.000+0200},
  author = {Martin-L\"{o}f, Per},
  biburl = {http://www.bibsonomy.org/bibtex/298ea804e6c4cf74c63ec76728b509baa/miguel.pagano},
  interhash = {81252fdf8c7322e5a2624aa026498a31},
  intrahash = {98ea804e6c4cf74c63ec76728b509baa},
  keywords = {imported},
  publisher = {{Bibliopolis}},
  timestamp = {2010-08-25T08:47:41.000+0200},
  title = {{Intuitionistic Type Theory}},
  year = {{1984}}
}


@article{journals/japll/AllenBCEKLM06,
  added-at = {2007-05-09T00:00:00.000+0200},
  author = {Allen, Stuart F. and Bickford, Mark and Constable, Robert L. and Eaton, Richard and Kreitz, Christoph and Lorigo, Lori and Moran, E.},
  biburl = {http://www.bibsonomy.org/bibtex/223502a4d5814d30891ca83acd0cff4c4/dblp},
  date = {2007-05-09},
  description = {dblp},
  ee = {http://dx.doi.org/10.1016/j.jal.2005.10.005},
  interhash = {dd27cd3238cf4d8d7293cf038ff0430e},
  intrahash = {23502a4d5814d30891ca83acd0cff4c4},
  journal = {J. Applied Logic},
  keywords = {dblp},
  number = 4,
  pages = {428-469},
  timestamp = {2007-06-15T08:12:25.000+0200},
  title = {Innovations in computational type theory using Nuprl.},
  url = {http://dblp.uni-trier.de/db/journals/japll/japll4.html#AllenBCEKLM06},
  volume = 4,
  year = 2006
}

@book{books/daglib/0068834,
  added-at = {2011-08-26T00:00:00.000+0200},
  author = {Constable, Robert L. and Allen, Stuart F. and Bromley, Mark and Cleaveland, Rance and Cremer, J. F. and Harper, R. W. and Howe, Douglas J. and Knoblock, Todd B. and Mendler, N. P. and Panangaden, Prakash and Sasaki, James T. and Smith, Scott F.},
  biburl = {http://www.bibsonomy.org/bibtex/2e4b3c58cc2ba32b6c619c7177ff7e506/dblp},
  ee = {http://dl.acm.org/citation.cfm?id=10510},
  interhash = {12f6d9a561735f24f3123cd21b327765},
  intrahash = {e4b3c58cc2ba32b6c619c7177ff7e506},
  isbn = {978-0-13-451832-9},
  keywords = {dblp},
  pages = {I-X, 1-299},
  publisher = {Prentice Hall},
  timestamp = {2011-08-27T11:32:24.000+0200},
  title = {Implementing mathematics with the Nuprl proof development system.},
  year = 1986
}

@article{journals/jsc/Harper92,
  added-at = {2011-09-20T00:00:00.000+0200},
  author = {Harper, Robert},
  biburl = {http://www.bibsonomy.org/bibtex/25a1440450270a58ffc3defc436b700df/dblp},
  ee = {http://dx.doi.org/10.1016/0747-7171(92)90026-Z},
  interhash = {93ab5c80c41a59b626445494498f8f21},
  intrahash = {5a1440450270a58ffc3defc436b700df},
  journal = {J. Symb. Comput.},
  keywords = {dblp},
  number = 1,
  pages = {71-84},
  timestamp = {2011-09-21T11:41:39.000+0200},
  title = {Constructing Type Systems over an Operational Semantics.},
  url = {http://dblp.uni-trier.de/db/journals/jsc/jsc14.html#Harper92},
  volume = 14,
  year = 1992
}


@Article{siena.lectures,
  author = 	 "Per Martin-L{\"o}f",
  title = 	 "On the meanings of the logical constants and the justifications of the logical laws",
  journal =	 "Nordic Journal of Philosophical Logic",
  year =	 1996,
  volume =	 1,
  number =	 "1",
  pages =	 "11--60",
}

@article{truth-prop,
year={1987},
issn={0039-7857},
journal={Synthese},
volume={73},
number={3},
doi={10.1007/BF00484985},
title={Truth of a proposition, evidence of a judgement, validity of a proof},
url={http://dx.doi.org/10.1007/BF00484985},
publisher={Kluwer Academic Publishers},
author={Martin-Löf, Per},
pages={407-420},
language={English}
}

@book{Granstrm:2013:TIT:2563415,
 author = {Granstr{\"o}m, Johan Georg},
 title = {Treatise on Intuitionistic Type Theory},
 year = {2013},
 isbn = {9400736398, 9789400736399},
 publisher = {Springer Publishing Company, Incorporated},
}
